@article{Chandrakanth:2014,
   author = {Chandrakanth, S. and Venkatesh, K. and Mahesh, J. and Naganjaneyulu, K.},
   year = {2014},
   month = {October},
   title = {INTERNET OF THINGS},
   journal = {International Journal of Innovations and Advancement in Computer Science IJIACS},
   volume = {3}
}

@book{Sundmaeker:2010,
   editor = {Sundmaeker, H. and Guillemin, P. and Friess, P. and Woelfflé, S.},
   title = {Vision and Challenges for Realising the Internet of Things},
   publisher = {European Union},
   year = {2010},
   ISBN = {978-92-79-15088-3}
}

@article{Atzori:2010,
   author = {Atzori, L. and Iera, A. and Morabito, G.},
   year = {2010},
   month = {October},
   title = {The Internet of Things: A survey},
   journal = {Computer Networks},
   volume = {54},
   pages = {2787– 2805}
}

@misc{iot2020:2008,
   title = {Internet of Things in 2020: Roadmap for the Future},
   year = {2008},
   month = {May},
   author = {INFSO D.4 Networked Enterprise & RFID INFSO G.2 Micro & Nanosystems, in: Co-operation with the Working Group RFID of the ETP EPOSS}
}

@article{Weiss:2007,
   author = {Weiss, M. and Esfandiari, B. and Luo, Y.},
   year = {2007},
   title = {Towards a classification of web service feature interactions},
   journal = {Computer Networks},
   volume = {51},
   pages = {359–381}
}

@misc{Weiss,
   title = {Invocation Order Matters: Functional Feature Interactions of Web Services},
   author = {Weiss, M. and Oreshkin, A. and Esfandiari, B.}
}

@incollection{Franca:2011,
   author = {Franca, T. and Pires, P. and Pirmez, L. and Delicato, F. and Farias, C.},
   title = {Web das Coisas: Conectando Dispositivos Físicos ao Mundo Digital},
   year = {2011},
   pages = {103-146},
   volume = {1},
   journal = {SBRC 2011},
   address = {Porto Alegre, RS: SBC}
}

@article{Dustdar:2005,
   author = {Dustdar, S. and Schreiner, W.},
   year = {2005},
   title = {A survey on web services composition},
   journal = {Int. J. Web and Grid Services},
   volume = {1},
   pages = {1–30}
}

@inproceedings{Guinard:2009,
   author = {Guinard, D. and Trifa, V.},
   year = {2009},
   title = {Towards the Web of Things: Web Mashups for Embedded Devices},
   booktitle = {Workshop on Mashups, Enterprise Mashups and Lightweight Composition on the Web, International World Wide Web Conferences},
   address = {Madrid, Spain}   
}

@misc{oracle:url,
   title = {What Is a URL?},
   author = {Oracle},
   url = {https://docs.oracle.com/javase/tutorial/networking/urls/definition.html}
}

@misc{w3c:xml,
   title = {Extensible Markup Language (XML)},
   author = {W3C},
   url = {https://www.w3.org/XML/, https://www.w3.org/XML/Schema}
}

@misc{w3c:xmlschema,
   title = {XML Schema},
   author = {W3C},
   url = {https://www.w3.org/XML/Schema}
}

@misc{w3c:soap,
   title = {SOAP Version 1.2 Part 1: Messaging Framework (Second Edition)},
   author = {Gudgin, M and Hadley, M. and Mendelsohn, N. and Moreau, Jean-Jacques. and Nielsen, Henrik F. and Karmarkar, A. and Lafon, Y.},
   url = {https://www.w3.org/TR/soap12}
}

@book{Weber:2010,
   author = {Weber, Rolf. H. and Weber, R.},
   title = {Internet of Things - Legal Perspectives},
   publisher = {Springer},
   year = {2010}
}

@article{Belqasmi:2011,
   author = {Belqasmi, F. and Fu, C. and Glitho, R.},
   year = {2011},
   title = {RESTful Web Services for Service Provisioning in Next Generation Networks: A Survey},
   journal = {IEEE COMMUNICATIONS MAGAZINE, NETWORK and SERVICE MANAGEMENT}
}